<collection xmlns="http://www.loc.gov/MARC21/slim">
<record>
  <leader>01479nam0a22002771i 450 </leader>
  <controlfield tag="001">IT\ICCU\CNCE\022268</controlfield>
  <controlfield tag="005">20150520000000.0</controlfield>
  <datafield tag="012" ind1=" " ind2=" ">
    <subfield code="a">a-io uee; beta gula (3) 1574 (A)</subfield>
    <subfield code="2">fei</subfield>
  </datafield>
  <datafield tag="100" ind1=" " ind2=" ">
    <subfield code="a">19970101d1574        0itac0103    ba</subfield>
  </datafield>
  <datafield tag="101" ind1=" " ind2=" ">
    <subfield code="a">ITA</subfield>
  </datafield>
  <datafield tag="102" ind1=" " ind2=" ">
    <subfield code="a">IT</subfield>
  </datafield>
  <datafield tag="200" ind1="1" ind2=" ">
    <subfield code="a">Vita, gesti, costumi, discorsi, et lettere di Marco Aurelio imperatore. Sapientissimo filosofo, &amp; oratore eloquentiss. Con la giunta di molte cose, che nello spagnuolo non erano, &amp; delle cose spagnuole, che mancano nella traduttione italiana</subfield>
  </datafield>
  <datafield tag="210" ind1=" " ind2=" ">
    <subfield code="a">In Venetia</subfield>
    <subfield code="c">appresso gli heredi del Bonelli</subfield>
    <subfield code="d">1574</subfield>
    <subfield code="e">In Venetia</subfield>
    <subfield code="g">appresso gli heredi di Giouan Maria Bonelli</subfield>
    <subfield code="h">1574</subfield>
  </datafield>
  <datafield tag="215" ind1=" " ind2=" ">
    <subfield code="a">\8!, 167, \1! c.</subfield>
    <subfield code="d">8ʻ</subfield>
  </datafield>
  <datafield tag="620" ind1=" " ind2=" ">
    <subfield code="a">IT</subfield>
    <subfield code="d">Venezia</subfield>
  </datafield>
  <datafield tag="700" ind1=" " ind2="1">
    <subfield code="a">Guevara,</subfield>
    <subfield code="b">Antonio : de</subfield>
    <subfield code="3">IT\ICCU\CNCA\006353</subfield>
  </datafield>
  <datafield tag="712" ind1="0" ind2="0">
    <subfield code="a">Bonelli, Giovanni Maria</subfield>
    <subfield code="c"> &lt;1.&gt; - eredi</subfield>
    <subfield code="3">IT\ICCU\CNCT\000992</subfield>
    <subfield code="4">650</subfield>
  </datafield>
  <datafield tag="801" ind1=" " ind2="3">
    <subfield code="a">IT</subfield>
    <subfield code="b">ICCU</subfield>
    <subfield code="c">20201114</subfield>
  </datafield>
  <datafield tag="899" ind1=" " ind2=" ">
    <subfield code="a">Biblioteca diocesana. Ancona</subfield>
    <subfield code="1">AN0009</subfield>
    <subfield code="2">PBE 56</subfield>
  </datafield>
  <datafield tag="899" ind1=" " ind2=" ">
    <subfield code="a">Biblioteca statale. Lucca</subfield>
    <subfield code="1">LU0022</subfield>
    <subfield code="2">LUA BL</subfield>
  </datafield>
  <datafield tag="899" ind1=" " ind2=" ">
    <subfield code="a">Biblioteca Ambrosiana. Milano</subfield>
    <subfield code="1">MI0133</subfield>
    <subfield code="2">VBA 01</subfield>
  </datafield>
  <datafield tag="899" ind1=" " ind2=" ">
    <subfield code="a">Biblioteca comunale Teresiana. Mantova</subfield>
    <subfield code="z">MUTILO</subfield>
    <subfield code="1">MN0035</subfield>
    <subfield code="2">LO1 12</subfield>
  </datafield>
  <datafield tag="899" ind1=" " ind2=" ">
    <subfield code="a">Biblioteca civica. Padova</subfield>
    <subfield code="1">PD0090</subfield>
    <subfield code="2">PUV 55</subfield>
  </datafield>
  <datafield tag="899" ind1=" " ind2=" ">
    <subfield code="a">Biblioteca comunale Manfrediana. Faenza</subfield>
    <subfield code="z">MUTILO</subfield>
    <subfield code="1">RA0016</subfield>
    <subfield code="2">RAV FA</subfield>
  </datafield>
  <datafield tag="899" ind1=" " ind2=" ">
    <subfield code="a">Biblioteca della Fondazione Luigi Firpo. Centro di studi sul pensiero politico. Torino</subfield>
    <subfield code="1">TO0469</subfield>
    <subfield code="2">TO0 18</subfield>
  </datafield>
  <datafield tag="899" ind1=" " ind2=" ">
    <subfield code="a">Biblioteca del Seminario arcivescovile di Milano. Venegono Inferiore</subfield>
    <subfield code="1">VA0122</subfield>
    <subfield code="2">ZVA 04</subfield>
  </datafield>
</record>
</collection>
